@inproceedings{van2021analyzing,
  title={Analyzing learned markov decision processes using model checking for providing tactical advice in professional soccer},
  author={Van Roy, Maaike and Yang, Wen-Chi and De Raedt, Luc and Davis, Jesse},
  booktitle={AI for Sports Analytics (AISA) Workshop at IJCAI 2021},
  year={2021}
}